<?xml version="1.0" encoding="UTF-8"?><collection xmlns="http://www.loc.gov/MARC21/slim"><record><leader>00413nam--2200169-i-4500</leader><controlfield tag="001">000048454</controlfield><controlfield tag="002">20161230</controlfield><controlfield tag="005">20170106001641</controlfield><controlfield tag="008">060222s1000------------r-----000-0-eng-d</controlfield><datafield ind1=" " ind2=" " tag="080"><subfield code="a">539.163</subfield></datafield><datafield ind1=" " ind2=" " tag="100"><subfield code="a">Avotina, M. P</subfield></datafield><datafield ind1=" " ind2=" " tag="245"><subfield code="a">Izobranye iadra s massobym chislom a+147</subfield></datafield><datafield ind1=" " ind2=" " tag="260"><subfield code="a">Leningrad</subfield><subfield code="b">Nauka</subfield><subfield code="c">1971</subfield></datafield><datafield ind1=" " ind2=" " tag="300"><subfield code="a">149 p</subfield></datafield><datafield ind1=" " ind2=" " tag="700"><subfield code="a">Zolotabin, A. V</subfield></datafield><datafield ind1=" " ind2=" " tag="852"><subfield code="a">36313</subfield></datafield><datafield ind1=" " ind2=" " tag="CAT"><subfield code="a">SYS</subfield><subfield code="c">20170106</subfield><subfield code="h">001641</subfield></datafield></record></collection>